@article{knuth84,
  author = {Knuth, Donald E.},
  title = {Literate Programming},
  year = {1984},
  issue_date = {May 1984},
  publisher = {Oxford University Press, Inc.},
  address = {USA},
  volume = {27},
  number = {2},
  issn = {0010-4620},
  url = {https://doi.org/10.1093/comjnl/27.2.97},
  doi = {10.1093/comjnl/27.2.97},
  journal = {Comput. J.},
  month = may,
  pages = {97–111},
  numpages = {15}
}

@book{wickham2016r,
  title={R for data science: import, tidy, transform, visualize, and model data},
  author={Wickham, Hadley and Grolemund, Garrett},
  year={2016},
  publisher={{O'Reilly Media, Inc.}}
}

@misc{concatenate-2021,
  title = {Concatenate},
  author = {{Cambridge Dictionary}},
  url = {https://dictionary.cambridge.org/dictionary/english/concatenate},
  note = {Accessed: 2021-07-28},
  year = {2021}
}
  
@book{wickham-2021,
  title = {The tidyverse style guide},
  author = {Wickham, Hadley},
  url = {https://style.tidyverse.org},
  note = {Accessed: 2021-08-05},
  year = {2021}
}

@misc{data-types-2021,
  title = {Column Data Types},
  author = {M{\"u}ller, Kirill and Wickham, Hadley},
  url = {https://tibble.tidyverse.org/articles/types.html},
  note = {Acccessd: 2021-08-05},
  year = {2021}
}

@article{jakobsen-et-al-2017,
  title={When and how should multiple imputation be used for handling missing data in randomised clinical trials--a practical guide with flowcharts},
  author={Jakobsen, Janus Christian and Gluud, Christian and Wetterslev, J{\o}rn and Winkel, Per},
  journal={BMC medical research methodology},
  volume={17},
  number={1},
  pages={1--10},
  year={2017},
  publisher={BioMed Central}
}

@article{rubin-1976,
  title={Inference and missing data},
  author={Rubin, Donald B},
  journal={Biometrika},
  volume={63},
  number={3},
  pages={581--592},
  year={1976},
  publisher={Oxford University Press}
}

@article{dong-et-al-2013,
  title={Principled missing data methods for researchers},
  author={Dong, Yiran and Peng, Chao-Ying Joanne},
  journal={SpringerPlus},
  volume={2},
  number={1},
  pages={1--17},
  year={2013},
  publisher={Springer}
}

@article{little-1988,
  title = {A Test of Missing Completely at Random for Multivariate Data with Missing Values},
  author = {Roderick J.A. Little},
  journal = {Journal of the American Statistical Association},
  volume = {83},
  number = {404},
  pages = {1198--1202},
  year  = {1988},
  publisher = {Taylor & Francis},
  doi = {10.1080/01621459.1988.10478722},
  URL = {https://www.tandfonline.com/doi/abs/10.1080/01621459.1988.10478722},
  eprint = {https://www.tandfonline.com/doi/pdf/10.1080/01621459.1988.10478722}
}

@book{van-buuren-2018,
  title={Flexible imputation of missing data},
  author={van Buuren, Stef},
  year={2018},
  publisher={CRC press}
}

@article{schafer-1999,
  title={Multiple imputation: a primer},
  author={Schafer, Joseph L},
  journal={Statistical methods in medical research},
  volume={8},
  number={1},
  pages={3--15},
  year={1999},
  publisher={Sage Publications Sage CA: Thousand Oaks, CA}
}

@article{van2020rebutting,
  title={Rebutting existing misconceptions about multiple imputation as a method for handling missing data},
  author={van Ginkel, Joost R and Linting, Marielle and Rippe, Ralph CA and van der Voort, Anja},
  journal={Journal of personality assessment},
  volume={102},
  number={3},
  pages={297--308},
  year={2020},
  publisher={Taylor \& Francis}
}

@book{nunally-1967,
  title={Psychometric Theory},
  author={Nunally, J. C.},
  year={1967},
  publisher={New york: Mc Graw-Hill}
}

@book{nunally-1978,
  title={Psychometric Theory (2nd edition)},
  author={Nunally, J. C.},
  year={1978},
  publisher={New york: Mc Graw-Hill}
}

@article{henson2001understanding,
  title={Understanding internal consistency reliability estimates: A conceptual primer on coefficient alpha},
  author={Henson, Robin K},
  journal={Measurement and evaluation in counseling and development},
  volume={34},
  number={3},
  pages={177--189},
  year={2001},
  publisher={Taylor \& Francis}
}

@article{hu-bentler-1999cutoff,
  title={Cutoff criteria for fit indexes in covariance structure analysis: Conventional criteria versus new alternatives},
  author={Hu, Li-tze and Bentler, Peter M},
  journal={Structural equation modeling: a multidisciplinary journal},
  volume={6},
  number={1},
  pages={1--55},
  year={1999},
  publisher={Taylor \& Francis}
}

@article{aguinis2013best,
  title={Best-practice recommendations for defining, identifying, and handling outliers},
  author={Aguinis, Herman and Gottfredson, Ryan K and Joo, Harry},
  journal={Organizational Research Methods},
  volume={16},
  number={2},
  pages={270--301},
  year={2013},
  publisher={Sage Publications Sage CA: Los Angeles, CA}
}

@article{leys2013detecting,
  title={Detecting outliers: Do not use standard deviation around the mean, use absolute deviation around the median},
  author={Leys, Christophe and Ley, Christophe and Klein, Olivier and Bernard, Philippe and Licata, Laurent},
  journal={Journal of experimental social psychology},
  volume={49},
  number={4},
  pages={764--766},
  year={2013},
  publisher={Elsevier}
}

@article{cousineau2010outliers,
  title={Outliers detection and treatment: a review.},
  author={Cousineau, Denis and Chartier, Sylvain},
  journal={International Journal of Psychological Research},
  volume={3},
  number={1},
  pages={58--67},
  year={2010},
  publisher={Universidad de San Buenaventura}
}

@book{cohen1988statistical,
  title={Statistical power analysis for the behavioral sciences New York},
  author={Cohen, Jacob},
  journal={NY: Academic Press},
  year={1988}
}

@book{xie2018r,
  title={R markdown: The definitive guide},
  author={Xie, Yihui and Allaire, Joseph J and Grolemund, Garrett},
  year={2018},
  publisher={CRC Press}
}

@book{field2013discovering,
  title={Discovering statistics using IBM SPSS statistics},
  author={Field, Andy},
  year={2013},
  publisher={Sage Publications}
}

@article{altman1985comparability,
  title={Comparability of randomised groups},
  author={Altman, Douglas G},
  journal={Journal of the Royal Statistical Society: Series D (The Statistician)},
  volume={34},
  number={1},
  pages={125--136},
  year={1985},
  publisher={Wiley Online Library}
}

@article{berger2006review,
  title={A review of methods for ensuring the comparability of comparison groups in randomized clinical trials},
  author={Berger, Vance W},
  journal={Reviews on recent clinical trials},
  volume={1},
  number={1},
  pages={81--86},
  year={2006},
  publisher={Bentham Science Publishers}
}

@article{yang2006-IBmethods,
  title = {A review of research methodologies in international business},
  author = {Zhilin Yang and Xuehua Wang and Chenting Su},
  journal = {International Business Review},
  volume = {15},
  number = {6},
  pages = {601--617},
  year = {2006},
  issn = {0969-5931},
  doi = {https://doi.org/10.1016/j.ibusrev.2006.08.003},
  url = {https://www.sciencedirect.com/science/article/pii/S0969593106000850}
}

@article{dinno2015nonparametric,
  title={Nonparametric pairwise multiple comparisons in independent groups using Dunn's test},
  author={Dinno, Alexis},
  journal={The Stata Journal},
  volume={15},
  number={1},
  pages={292--300},
  year={2015},
  publisher={SAGE Publications Sage CA: Los Angeles, CA}
}

@article{blanca2017non,
  title={Non-normal data: Is ANOVA still a valid option?},
  author={Blanca Mena, M Jos{\'e} and Alarc{\'o}n Postigo, Rafael and Arnau Gras, Jaume and Bono Cabr{\'e}, Roser and Bendayan, Rebecca},
  journal={Psicothema, 2017, vol. 29, num. 4, p. 552-557},
  year={2017},
  publisher={Facultad de Psicolog{\'\i}a de la Universidad de Oviedo y el Colegio Oficial de~…}
}

@article{tomarken1986comparison,
  title={Comparison of ANOVA alternatives under variance heterogeneity and specific noncentrality structures},
  author={Tomarken, Andrew J and Serlin, Ronald C},
  journal={Psychological Bulletin},
  volume={99},
  number={1},
  pages={90},
  year={1986},
  publisher={American Psychological Association}
}

@article{hochberg1988sharper,
  title={A sharper Bonferroni procedure for multiple tests of significance},
  author={Hochberg, Yosef},
  journal={Biometrika},
  volume={75},
  number={4},
  pages={800--802},
  year={1988},
  publisher={Oxford University Press}
}

@article{hochberg1974some,
  title={Some generalizations of the T-method in simultaneous inference},
  author={Hochberg, Yosef},
  journal={Journal of multivariate analysis},
  volume={4},
  number={2},
  pages={224--234},
  year={1974},
  publisher={Elsevier}
}

@book{boehmke2019hands,
  title={Hands-on machine learning with R},
  author={Boehmke, Brad and Greenwell, Brandon},
  year={2019},
  publisher={Chapman and Hall/CRC}
}

@book{gelman2020regression,
  title={Regression and other stories},
  author={Gelman, Andrew and Hill, Jennifer and Vehtari, Aki},
  year={2020},
  publisher={Cambridge University Press}
}

@book{cook1982residuals,
  title={Residuals and influence in regression},
  author={Cook, R Dennis and Weisberg, Sanford},
  year={1982},
  publisher={New York: Chapman and Hall}
}

@book{cohen2014applied,
  title={Applied multiple regression/correlation analysis for the behavioral sciences},
  author={Cohen, Patricia and West, Stephen G and Aiken, Leona S},
  year={2014},
  publisher={Psychology press}
}

@article{hoaglin1978hat,
  title={The hat matrix in regression and ANOVA},
  author={Hoaglin, David C and Welsch, Roy E},
  journal={The American Statistician},
  volume={32},
  number={1},
  pages={17--22},
  year={1978},
  publisher={Taylor \& Francis}
}

@book{stevens2012applied,
  title={Applied multivariate statistics for the social sciences},
  author={Stevens, James P},
  year={2012},
  publisher={Routledge}
}

@incollection{sage-methods2004dbw,
  author      = {Ove Grandstrand},
  title       = {Durbin-Watson Statistic},
  editor      = {Lewis-Beck, Michael S, Bryman, Alan, Futing Liao, Tim},
  booktitle   = {The SAGE Encyclopedia of Social Science Research Methods},
  publisher   = {Thousand Oaks, California},
  year        = {2004},
  url         = {https://methods.sagepub.com/reference/the-sage-encyclopedia-of-social-science-research-methods}
}

@article{greenhouse1959methods,
  title={On methods in the analysis of profile data},
  author={Greenhouse, Samuel W and Geisser, Seymour},
  journal={Psychometrika},
  volume={24},
  number={2},
  pages={95--112},
  year={1959},
  publisher={Springer}
}

@article{huynh1976estimation,
  title={Estimation of the Box correction for degrees of freedom from sample data in randomized block and split-plot designs},
  author={Huynh, Huynh and Feldt, Leonard S},
  journal={Journal of educational statistics},
  volume={1},
  number={1},
  pages={69--82},
  year={1976},
  publisher={SAGE Publications Sage CA: Thousand Oaks, CA}
}

@article{landis1977measurement,
  title={The measurement of observer agreement for categorical data},
  author={Landis, J Richard and Koch, Gary G},
  journal={Biometrics},
  pages={159--174},
  year={1977},
  publisher={JSTOR}
}

@book{silge2017text,
  title={Text mining with R: A tidy approach},
  author={Silge, Julia and Robinson, David},
  year={2017},
  publisher={"O'Reilly Media, Inc."}
}

@book{rmarkdown2018,
  title = {R Markdown: The Definitive Guide},
  author = {Yihui Xie and J.J. Allaire and Garrett Grolemund},
  publisher = {Chapman and Hall/CRC},
  address = {Boca Raton, Florida},
  year = {2018},
  note = {ISBN 9781138359338},
  url = {https://bookdown.org/yihui/rmarkdown},
}

@article{wickham2014tidy,
  title={Tidy data},
  author={Wickham, Hadley},
  journal={Journal of statistical software},
  volume={59},
  number={1},
  pages={1--23},
  year={2014}
}

@article{west2012model,
  title={Model fit and model selection in structural equation modeling},
  author={West, Stephen G and Taylor, Aaron B and Wu, Wei and others},
  journal={Handbook of structural equation modeling},
  volume={1},
  pages={209--231},
  year={2012}
}

@misc{hsbDataWrangling,
  title={Data Wrangling: What it is and why it's important},
  author={Stobierski, Tim},
  publisher={Harvard Business School Online},
  url={https://online.hbs.edu/blog/post/data-wrangling},
  month={January 19},
  year={2021}
}

@Article{lubridate,
  title = {Dates and Times Made Easy with {lubridate}},
  author = {Garrett Grolemund and Hadley Wickham},
  journal = {Journal of Statistical Software},
  year = {2011},
  volume = {40},
  number = {3},
  pages = {1--25},
  url = {https://www.jstatsoft.org/v40/i03/},
}
